<collection xmlns="http://www.loc.gov/MARC21/slim">
<record>
  <leader>01751nam0a2200289 i 450 </leader>
  <controlfield tag="001">IT\ICCU\CNCE\026125</controlfield>
  <controlfield tag="005">20080611000000.0</controlfield>
  <datafield tag="012" ind1=" " ind2=" ">
    <subfield code="a">n-l- S.Gi i.n- oftr (3) 1565 (R)</subfield>
    <subfield code="2">fei</subfield>
  </datafield>
  <datafield tag="100" ind1=" " ind2=" ">
    <subfield code="a">19971009d1565        0itac0103    ba</subfield>
  </datafield>
  <datafield tag="101" ind1=" " ind2=" ">
    <subfield code="a">ITA</subfield>
  </datafield>
  <datafield tag="102" ind1=" " ind2=" ">
    <subfield code="a">IT</subfield>
  </datafield>
  <datafield tag="200" ind1="1" ind2=" ">
    <subfield code="a">℗Le ℗cose marauigliose de l&apos;alma citt ̉di Roma, doue si tratta delle chiese, stationi, indulgentie, &amp; reliquie de i corpi santi, che sono in essa. Con la guida romana, che insegna facilmente a tutti i forestieri a ritrouare le piu notabil cose di Roma. Eti nomi de i sommi pontefici, de gl&apos;imperatori, de i re di Francia, e di Napoli, de i dogi di Venetia, &amp; duchi di Milano</subfield>
  </datafield>
  <datafield tag="210" ind1=" " ind2=" ">
    <subfield code="a">In Venetia</subfield>
    <subfield code="c">per Pelegrino Amador</subfield>
    <subfield code="d">1565</subfield>
  </datafield>
  <datafield tag="215" ind1=" " ind2=" ">
    <subfield code="a">45, \19! c.</subfield>
    <subfield code="d">8ʻ</subfield>
  </datafield>
  <datafield tag="500" ind1="1" ind2="1">
    <subfield code="3">IT\ICCU\CNCE\031012</subfield>
    <subfield code="a">Mirabilia Romae</subfield>
  </datafield>
  <datafield tag="620" ind1=" " ind2=" ">
    <subfield code="a">IT</subfield>
    <subfield code="d">Venezia</subfield>
  </datafield>
  <datafield tag="712" ind1="0" ind2="0">
    <subfield code="a">Amadori, Pellegrino</subfield>
    <subfield code="c"> &lt;1.&gt;</subfield>
    <subfield code="3">IT\ICCU\CNCT\001940</subfield>
    <subfield code="4">650</subfield>
  </datafield>
  <datafield tag="791" ind1="0" ind2="0">
    <subfield code="a">Amador, Pelegrino</subfield>
    <subfield code="3">IT\ICCU\CNCT\004236</subfield>
    <subfield code="z">Amadori, Pellegrino &lt;1.&gt;</subfield>
  </datafield>
  <datafield tag="791" ind1="0" ind2="0">
    <subfield code="a">Amatore, Peregrinus de</subfield>
    <subfield code="3">IT\ICCU\CNCT\004237</subfield>
    <subfield code="z">Amadori, Pellegrino &lt;1.&gt;</subfield>
  </datafield>
  <datafield tag="791" ind1="0" ind2="0">
    <subfield code="a">De Amatore, Peregrinus Romanus</subfield>
    <subfield code="3">IT\ICCU\CNCT\004238</subfield>
    <subfield code="z">Amadori, Pellegrino &lt;1.&gt;</subfield>
  </datafield>
  <datafield tag="801" ind1=" " ind2="3">
    <subfield code="a">IT</subfield>
    <subfield code="b">ICCU</subfield>
    <subfield code="c">20201114</subfield>
  </datafield>
  <datafield tag="899" ind1=" " ind2=" ">
    <subfield code="a">Biblioteca civica A. Mai. Bergamo</subfield>
    <subfield code="1">BG0026</subfield>
    <subfield code="2">LO1 02</subfield>
  </datafield>
  <datafield tag="899" ind1=" " ind2=" ">
    <subfield code="a">Biblioteca Diocesana Mons. Giuliano Agresti. Lucca</subfield>
    <subfield code="1">LU0023</subfield>
    <subfield code="2">PBE 86</subfield>
  </datafield>
  <datafield tag="899" ind1=" " ind2=" ">
    <subfield code="a">Biblioteca nazionale centrale. Roma</subfield>
    <subfield code="1">RM0267</subfield>
    <subfield code="2">BVE CR</subfield>
  </datafield>
  <datafield tag="899" ind1=" " ind2=" ">
    <subfield code="a">Biblioteca Hertziana. Roma</subfield>
    <subfield code="1">RM0724</subfield>
    <subfield code="2">ZRM 16</subfield>
  </datafield>
  <datafield tag="911" ind1=" " ind2=" ">
    <subfield code="a">Sul front. senza motto</subfield>
    <subfield code="9">IT\ICCU\CNCM\001404</subfield>
  </datafield>
  <datafield tag="921" ind1=" " ind2=" ">
    <subfield code="a">IT\ICCU\CNCM\001404</subfield>
    <subfield code="b">Pellegrino in cammino con il bordone in spalla. Sullo sfondo paesaggio. In cornice.</subfield>
    <subfield code="e">Non habemus hic ciuitatem permanentem, sed futuram inquirimus.</subfield>
    <subfield code="c">U347</subfield>
    <subfield code="d">Dimensioni: 6,3 x 7,2. Con o senza motto</subfield>
    <subfield code="f">PELLEGRINO</subfield>
    <subfield code="g">1557-1565</subfield>
  </datafield>
</record>
</collection>
